<record><leader>00000cas a22000007a 4500</leader><controlfield tag="001">11829155</controlfield><controlfield tag="008">850320d18551864ohuwr ne      0    0eng d</controlfield><datafield ind1=" " ind2=" " tag="010"><subfield code="a">sn 85038133 </subfield></datafield><datafield ind1=" " ind2=" " tag="040"><subfield code="a">NPY</subfield><subfield code="b">eng</subfield><subfield code="c">NPY</subfield><subfield code="d">ONP</subfield><subfield code="d">OCLCQ</subfield></datafield><datafield ind1=" " ind2=" " tag="042"><subfield code="a">msc</subfield></datafield><datafield ind1="0" ind2=" " tag="130"><subfield code="a">Washington register (Washington Court House, Ohio)</subfield></datafield><datafield ind1="1" ind2="4" tag="245"><subfield code="a">The Washington register.</subfield></datafield><datafield ind1=" " ind2=" " tag="260"><subfield code="a">Washington [Washington Court House], Fayette County, Ohio :</subfield><subfield code="b">Pearce &amp; Hanna,</subfield><subfield code="c">1855-</subfield></datafield><datafield ind1=" " ind2=" " tag="300"><subfield code="a">v. ;</subfield><subfield code="c">59 cm.</subfield></datafield><datafield ind1=" " ind2=" " tag="310"><subfield code="a">Weekly</subfield></datafield><datafield ind1="0" ind2=" " tag="362"><subfield code="a">Vol. 1, no. 1 (Mar. 15, 1855)-</subfield></datafield><datafield ind1="1" ind2=" " tag="362"><subfield code="a">Ceased in June 1864.</subfield><subfield code="z">Cf. Gutgesell, S. Guide to Ohio newspapers, 1974.</subfield></datafield><datafield ind1=" " ind2=" " tag="500"><subfield code="a">Published on Thursday.</subfield></datafield><datafield ind1=" " ind2=" " tag="500"><subfield code="a">Publishers: Pearce &amp; Hanna, Mar. 15, 1855-Aug. 14, 1856; J.C.D. Hanna, Aug. 21, 1856-June 25, 1857; Hanna &amp; Pearce, July 2-Sept. 10, 1857; Elgar B. Pearce, Sept. 17, 1857-&lt;1861&gt;.</subfield></datafield><datafield ind1=" " ind2=" " tag="500"><subfield code="a">Editors: Pearce &amp; Hanna, Mar. 15, 1855-Mar. 20, 1856; Elgar B. Pearce, Mar. 27, 1856-&lt;1861&gt;.</subfield></datafield><datafield ind1="1" ind2=" " tag="700"><subfield code="a">Pearce, Elgar B.</subfield></datafield><datafield ind1="1" ind2=" " tag="700"><subfield code="a">Hanna, J. C. D.</subfield></datafield><datafield ind1=" " ind2=" " tag="752"><subfield code="a">United States</subfield><subfield code="b">Ohio</subfield><subfield code="c">Fayette</subfield><subfield code="d">Washington.</subfield></datafield><datafield ind1=" " ind2=" " tag="752"><subfield code="a">United States</subfield><subfield code="b">Ohio</subfield><subfield code="c">Fayette</subfield><subfield code="d">Washington Court House.</subfield></datafield><datafield ind1="0" ind2="0" tag="785"><subfield code="t">Ohio State register (Washington Court House, Ohio : 1864)</subfield><subfield code="w">(DLC)sn 88077504</subfield></datafield><datafield ind1="1" ind2=" " tag="029"><subfield code="a">AU@</subfield><subfield code="b">000025790605</subfield></datafield></record>